@inproceedings{bresina02,
  author    = {John L. Bresina and
               Richard Dearden and
               Nicolas Meuleau and
               Sailesh Ramkrishnan and
               David E. Smith and
               Richard Washington},
  title     = {Planning under Continuous Time and Resource Uncertainty:
               A Challenge for AI},
  booktitle = {Uncertainty in Artificial Intelligence ({UAI-02})},
  year      = {2002},
  pages     = {77-84}
}

@inproceedings{Rachelson08,
author = {Emmanuel Rachelson and Frederick Garcia and Patrick Fabiani},
title = {Extending the Bellman equation for MDPs to continuous actions and continuous time in the discounted case},
booktitle = {10th Int. Symp. on AI and Math},
year = {2008}
}

@inproceedings{sanner11,
  author    = {Scott Sanner and Karina Valdivia Delgado and Leliane Nunes de Barros},
  title     = {Symbolic dynamic programming for discrete and continuous state mdps},
  booktitle = {UAI-2011},
  year      = {2011},

}

@inproceedings{boyan00,
  author    = {Justin A Boyan and Michael L Littman},
  title     = {Exact solutions to timedependent MDPs},
  booktitle = {Advances in Neural Information Processing Systems},
  year      = {2000},

}

@inproceedings{aadd,
author = "Scott Sanner and David McAllester",
title = "Affine Algebraic Decision Diagrams ({AADDs}) and their Application to Structured Probabilistic Inference",
booktitle = "IJCAI 2005",
year = "2005"}

@inproceedings{ bahar93add,
    author = "R. Iris Bahar and Erica Frohm and Charles Gaona and Gary Hachtel and Enrico Macii and Abelardo Pardo and Fabio Somenzi",
    title = "{A}lgebraic {D}ecision {D}iagrams and their applications",
    booktitle = "{IEEE} /{ACM} International Conference on {CAD}",
    year = "1993"}


